<record><leader>00000cas a2200000 a 4500</leader><controlfield tag="001">17527271</controlfield><controlfield tag="008">880223c19889999wauwr ne      0   a0eng c</controlfield><controlfield tag="009">1582</controlfield><datafield ind1=" " ind2=" " tag="010"><subfield code="a">sn 88001009 </subfield></datafield><datafield ind1=" " ind2=" " tag="040"><subfield code="a">WAU</subfield><subfield code="b">eng</subfield><subfield code="c">WAU</subfield><subfield code="d">NSD</subfield><subfield code="d">SLZ</subfield><subfield code="d">WAU</subfield><subfield code="d">NYS</subfield><subfield code="d">WAU</subfield><subfield code="d">OCLCQ</subfield><subfield code="d">OCLCF</subfield></datafield><datafield ind1=" " ind2=" " tag="012"><subfield code="m">y</subfield></datafield><datafield ind1="1" ind2=" " tag="022"><subfield code="a">0898-0845</subfield><subfield code="l">0898-0845</subfield><subfield code="y">0279-6406</subfield><subfield code="2">1</subfield></datafield><datafield ind1="1" ind2=" " tag="029"><subfield code="a">AU@</subfield><subfield code="b">000020504399</subfield></datafield><datafield ind1=" " ind2=" " tag="032"><subfield code="a">306730</subfield><subfield code="b">USPS</subfield></datafield><datafield ind1=" " ind2=" " tag="037"><subfield code="b">Quickfish Media, Inc., 1008 Western Ave., Suite 300, Seattle, WA 98104</subfield></datafield><datafield ind1=" " ind2=" " tag="042"><subfield code="a">nsdp</subfield><subfield code="a">pcc</subfield></datafield><datafield ind1=" " ind2=" " tag="043"><subfield code="a">n-us-wa</subfield></datafield><datafield ind1=" " ind2="0" tag="222"><subfield code="a">Seattle weekly</subfield></datafield><datafield ind1="0" ind2="0" tag="245"><subfield code="a">Seattle weekly.</subfield></datafield><datafield ind1="3" ind2="0" tag="246"><subfield code="a">Weekly</subfield></datafield><datafield ind1=" " ind2=" " tag="260"><subfield code="a">Seattle, Wash. :</subfield><subfield code="b">Sasquatch Pub. Co.,</subfield><subfield code="c">1988-</subfield></datafield><datafield ind1=" " ind2=" " tag="300"><subfield code="a">v. :</subfield><subfield code="b">ill. ;</subfield><subfield code="c">35-39 cm.</subfield></datafield><datafield ind1=" " ind2=" " tag="310"><subfield code="a">Weekly</subfield></datafield><datafield ind1="0" ind2=" " tag="362"><subfield code="a">Vol. 13, no. 5 (Feb. 3, 1988)-</subfield></datafield><datafield ind1=" " ind2=" " tag="500"><subfield code="a">Published &lt;Jan. 29, 1998-&gt; by: Quickfish Media.</subfield></datafield><datafield ind1=" " ind2=" " tag="580"><subfield code="a">Other ed.: Seattle weekly (Seattle, Wash. : Eastside ed.), Jan. 21, 1998-</subfield></datafield><datafield ind1=" " ind2="0" tag="651"><subfield code="a">Seattle (Wash.)</subfield><subfield code="v">Newspapers.</subfield></datafield><datafield ind1=" " ind2="7" tag="655"><subfield code="a">Free circulation newspapers</subfield><subfield code="z">Washington (State)</subfield><subfield code="z">Seattle.</subfield><subfield code="2">ngl</subfield></datafield><datafield ind1=" " ind2="7" tag="655"><subfield code="a">Newspapers.</subfield><subfield code="2">fast</subfield><subfield code="0">(OCoLC)fst01423814</subfield></datafield><datafield ind1=" " ind2="7" tag="651"><subfield code="a">Washington (State)</subfield><subfield code="z">Seattle.</subfield><subfield code="2">fast</subfield><subfield code="0">(OCoLC)fst01204940</subfield></datafield><datafield ind1=" " ind2=" " tag="752"><subfield code="a">United States</subfield><subfield code="b">Washington</subfield><subfield code="c">King</subfield><subfield code="d">Seattle.</subfield></datafield><datafield ind1="1" ind2=" " tag="775"><subfield code="t">Seattle weekly (Seattle, Wash. : Eastside ed.)</subfield><subfield code="w">(DLC)sn 98047194</subfield><subfield code="w">(OCoLC)38429235</subfield></datafield><datafield ind1="0" ind2="0" tag="780"><subfield code="t">Weekly (Seattle, Wash.)</subfield><subfield code="x">0279-6406</subfield><subfield code="w">(DLC)sn 81000355</subfield><subfield code="w">(OCoLC)5840311</subfield></datafield><datafield ind1=" " ind2=" " tag="936"><subfield code="a">Vol. 23, no. 5 (Feb. 5, 1998) LIC</subfield></datafield></record>